<?xml version="1.0" encoding="UTF-8"?><collection xmlns="http://www.loc.gov/MARC21/slim"><record><leader>00403nam--2200133-i-4500</leader><controlfield tag="001">000032473</controlfield><controlfield tag="002">20161230</controlfield><controlfield tag="005">20161230201039</controlfield><controlfield tag="008">060222s1000------------r-----000-0-eng-d</controlfield><datafield ind1=" " ind2=" " tag="080"><subfield code="a">514(076)</subfield></datafield><datafield ind1=" " ind2=" " tag="100"><subfield code="a">Margaritesccu, Eugen, Stoka, Marius Si Raianu Mircea</subfield></datafield><datafield ind1=" " ind2=" " tag="245"><subfield code="a">Culegere de probleme de trigonometrie pentru licee</subfield></datafield><datafield ind1=" " ind2=" " tag="260"><subfield code="a">Bucuresti, Editura Didactica Si Pedagogica, 1975, 192p</subfield></datafield><datafield ind1=" " ind2=" " tag="852"><subfield code="a">43035</subfield></datafield></record></collection>